%  refs.bib
%
%  Bibliography References for Thesis
%

@misc{citrix_mcafee_2010,
key = {citrix_mcafee_2010}
author={Alessandro Perilli},
title={Citrix partners with McAfee on security for XenDesktop, XenServer and XenClient},
year={2010},
month={May}
note={\url{http://virtualization.info/en/news/2010/05/citrix-partners-with-mcafee-on-security-for-xendesktop-xenserver-and-xenclient.html}},
}

@misc{verizon_data_breach_report_08,
key={verizon_data_breach_report_08},
author={Baker, Wade and Hylender, C. David and Valentine, J. Andrew},
title={2008 Data Breach Investigations Report},
note{\url{http://www.verizonbusiness.com/resources/security/databreachreport.pdf}},
year={2008},
}

@misc{verizon_data_breach_report_09,
key={verizon_data_breach_report_09},
author={Baker, Wade H. and Hutton, Alex and Hylender, C. David and Novak, Christopher and Porter, Christopher and Sartin, Bryan and Tippett M.D Ph.D., Peter and Valentine, J. Andrew},
title={2009 Data Breach Investigations Report},
note{\url{http://www.verizonbusiness.com/resources/security/reports/2009_databreach_rp.pdf}},
year={2009},
}

@misc{verizon_data_breach_report_10,
key={verizon_data_breach_report_10},
author={Baker, Wade and Goudie, Mark and Hutton, Alexander and Hylender, C. David and  Niemantsverdriet, Jelle and Novak, Christopher and Ostertag, David and Porter, Christopher and Rosen, Mike and Sartin, Bryan and Tippett M.D. Ph.D., Peter},
title={2010 Data Breach Investigations Report},
note{\url{http://www.verizonbusiness.com/resources/reports/rp_2010-data-breach-report_en_xg.pdf}},
year={2010},
}

@inproceedings{apiary_usenix_2010,
author = {Potter, Shaya and Nieh, Jason},
booktitle = {USENIX ATC '10: USENIX Annual Technical Conference},
title = {Apiary: Easy-to-Use Desktop Application Fault Containment on Commodity
Operating Systems},
year = {2010}
}

@techreport{virtics_2010,
Author = {Piotrowski, Matt and Joseph, Anthony D.}, 
Title = {Virtics: A System for Privilege Separation of Legacy Desktop Applications}, 
Institution = {EECS Department, University of California, Berkeley},
Year = {2010}, 
Month = {May},
URL = {http://www.eecs.berkeley.edu/Pubs/TechRpts/2010/EECS-2010-70.html},
Number = {UCB/EECS-2010-70},
}

@article{reis_2009,
author = {Reis, Charles and Barth, Adam and Pizano, Carlos},
title = {Browser security: lessons from Google Chrome},
journal = {Commun. ACM},
volume = {52},
number = {8},
year = {2009},
issn = {0001-0782},
pages = {45--49},
doi = {http://doi.acm.org/10.1145/1536616.1536634},
publisher = {ACM},
address = {New York, NY, USA},
}

@inproceedings{canning_android_keynote_2009,
author = {Rich Cannings},
title = {Android: Securing a Mobile Platform from the Ground Up},
booktitle = {Proceedings of the 18th Usenix Security Symposium},
year = {2009},
month = {August},
note = {Keynote Address}
}

@misc{android_security_dev,
howpublished={Website},
title={Security and Permissions | Android Developers},
note={\url{ http://developer.android.com/guide/topics/security/security.html}}
}

@inproceedings{douceur_xax_2008,
author = {John R. Douceur and Jeremy Elson and Jon Howell and Jacob R. Lorch},
title = {Leveraging Legacy Code to Deploy Desktop Applications on the Web},
booktitle = {OSDI '08: Proceedings of the 8th USENIX Symposium on Operating Systems Design and Implementation},
year = {2008},
month = {December},
pages ={339--354},
location = {San Diego, CA},
}

@inproceedings{yee_nacl_2009,
author = {Yee, Bennet and Sehr, David and Dardyk, Greg and Chen, Brad and Muth, Robert and Ormandy, Tavis and Okasaka, Shiki and Narula , Neha and Fullagar, Nicholas},
title = {Native Client: A Sandbox for Portable, Untrusted x86 Native Code},
booktitle = {IEEE Symposium on Security and Privacy},
year = {2009},
location = {Oakland, CA},
}


@inproceedings{grier_gazelle_2009,
author = {Grier, Chris and Wang, Helen J. and Moshchuk, Alexander and King, Samuel T. and Choudhury, Piali and Venter, Herman},
title = {The Multi-Principal OS Construction of the Gazelle Web Browser},
booktitle = {Proceedings of the 18th USENIX Security Symposium},
location = {Montreal, Canada},
month = {August},
year = {2009},
}

@phdthesis{simson_2006,
author = {Simson L. Garfinkel},
title = {Design Principles and Patterns for Computer Systems That Are Simultaneously Secure and Usable},
School= {Massachusetts Institute of Technology},
month = {May},
year = {2005},
}

@article{stiegler_2006,
author = {Stiegler, Marc and Karp, Alan H. and Yee, Ka-Ping and Close, Tyler and Miller, Mark S.},
title = {Polaris: virus-safe computing for Windows XP},
journal = {Commun. ACM},
volume = {49},
number = {9},
year = {2006},
issn = {0001-0782},
pages = {83--88},
doi = {http://doi.acm.org/10.1145/1151030.1151033},
publisher = {ACM},
address = {New York, NY, USA},
}

@inproceedings{miretskiy_2004,
author = {Miretskiy, Yevgeniy and Das, Abhijith and Wright, Charles P. and Zadok, Erez},
title = {Avfs: an on-access anti-virus file system},
booktitle = {SSYM'04: Proceedings of the 13th conference on USENIX Security Symposium}, year = {2004},
pages = {6--6},
location = {San Diego, CA},
publisher = {USENIX Association},
address = {Berkeley, CA, USA},
}

@misc{citrix_mcafee_2010,
key = {citrix_mcafee_2010}
author={Alessandro Perilli},
title={Citrix partners with McAfee on security for XenDesktop, XenServer and XenClient},
year={2010},
month={May}
note={\url{http://virtualization.info/en/news/2010/05/citrix-partners-with-mcafee-on-security-for-xendesktop-xenserver-and-xenclient.html}},
}

@misc{vmware_trendmicro_2010,
key = {vmware_trendmicro_2010}
author={Alessandro Perilli},
title={VMware to release an antivirus framework, partners with TrendMicro},
year={2010},
month={July}
note={\url{
http://virtualization.info/en/news/2010/07/vmware-to-release-an-antivirus-framework-trendmicro-working-on-it.html}},
}

@inproceedings{HyperSpector05,
 author = {Kourai,, Kenichi and Chiba,, Shigeru},
 title = {HyperSpector: virtual distributed monitoring environments for secure intrusion detection},
 booktitle = {VEE '05: Proc. of the 1st ACM/USENIX International Conference on Virtual Execution Environments},
 year = {2005},
 isbn = {1-59593-047-7},
 pages = {197--207},
 location = {Chicago, IL, USA},
 doi = {http://doi.acm.org/10.1145/1064979.1065006},
 publisher = {ACM},
 address = {New York, NY, USA},
 }

@inproceedings{sharif_2009,
author = {Sharif, Monirul I. and Lee, Wenke and Cui, Weidong and Lanzi, Andrea},
title = {Secure in-VM monitoring using hardware virtualization},
booktitle = {CCS '09: Proceedings of the 16th ACM conference on Computer and communications security},
year = {2009},
isbn = {978-1-60558-894-0},
pages = {477--487},
location = {Chicago, Illinois, USA},
doi = {http://doi.acm.org/10.1145/1653662.1653720},
publisher = {ACM},
address = {New York, NY, USA},
}

@inproceedings{lombardi_2009,
author = {Lombardi, Flavio and Di Pietro, Roberto},
title = {KvmSec: a security extension for Linux kernel virtual machines},
booktitle = {SAC '09: Proceedings of the 2009 ACM symposium on Applied Computing},
year = {2009},
isbn = {978-1-60558-166-8},
pages = {2029--2034},
location = {Honolulu, Hawaii},
doi = {http://doi.acm.org/10.1145/1529282.1529733},
publisher = {ACM},
address = {New York, NY, USA}, 
}

@inproceedings{payne_lares_2008,
author = {Payne, Bryan D. and Carbone, Martim and Sharif, Monirul and Lee, Wenke},
title = {Lares: An Architecture for Secure Active Monitoring Using Virtualization},
booktitle = {SP '08: Proceedings of the 2008 IEEE Symposium on Security and Privacy},
year = {2008},
isbn = {978-0-7695-3168-7},
pages = {233--247},
doi = {http://dx.doi.org/10.1109/SP.2008.24},
publisher = {IEEE Computer Society},
address = {Washington, DC, USA},
}

@inproceedings{casado_2007,
author = {Casado, Martin and Freedman, Michael J. and Pettit, Justin and Luo, Jianying and McKeown, Nick and Shenker, Scott},
title = {Ethane: taking control of the enterprise},
booktitle = {SIGCOMM '07: Proceedings of the 2007 conference on Applications, technologies, architectures, and protocols for computer communications},
year = {2007},
isbn = {978-1-59593-713-1},
pages = {1--12},
location = {Kyoto, Japan},
doi = {http://doi.acm.org/10.1145/1282380.1282382},
publisher = {ACM},
address = {New York, NY, USA},
}

@article{gude_2008,
author = {Gude, Natasha and Koponen, Teemu and Pettit, Justin and Pfaff, Ben and Casado, Mart\'{\i}n and McKeown,Nick and Shenker, Scott},
title = {NOX: towards an operating system for networks},
journal = {SIGCOMM Comput. Commun. Rev.},
volume = {38},
number = {3},
year = {2008},
issn = {0146-4833},
pages = {105--110},
doi = {http://doi.acm.org/10.1145/1384609.1384625},
publisher = {ACM},
address = {New York, NY, USA},
}

@article{mckeown_2008,
author = {McKeown, Nick and Anderson, Tom and Balakrishnan, Hari and Parulkar, Guru and Peterson, Larry and Rexford, Jennifer and Shenker, Scott and Turner, Jonathan},
title = {OpenFlow: enabling innovation in campus networks},
journal = {SIGCOMM Comput. Commun. Rev.},
volume = {38},
number = {2},
year = {2008},
issn = {0146-4833},
pages = {69--74},
doi = {http://doi.acm.org/10.1145/1355734.1355746},
publisher = {ACM},
address = {New York, NY, USA},
}

@article{vrable_2005,
author = {Vrable, Michael and Ma, Justin and Chen, Jay and Moore, David and Vandekieft, Erik and Snoeren, Alex C. and Voelker, Geoffrey M. and Savage, Stefan},
title = {Scalability, fidelity, and containment in the potemkin virtual honeyfarm},
journal = {SIGOPS Oper. Syst. Rev.},
volume = {39}, number = {5},
year = {2005},
issn = {0163-5980},
pages = {148--162},
doi = {http://doi.acm.org/10.1145/1095809.1095825},
publisher = {ACM},
address = {New York, NY, USA},
}

@inproceedings{cranor_2008,
author = {Cranor, Lorrie Faith},
title = {A framework for reasoning about the human in the loop},
booktitle = {UPSEC'08: Proceedings of the 1st Conference on Usability, Psychology, and Security},
year = {2008},
pages = {1--15},
location = {San Francisco, California},
publisher = {USENIX Association},
address = {Berkeley, CA, USA},
}

@inproceedings{cova_2010,
author = {Cova, Marco and Kruegel, Christopher and Vigna, Giovanni},
title = {Detection and analysis of drive-by-download attacks and malicious JavaScript code},
booktitle = {WWW '10: Proceedings of the 19th international conference on World wide web},
year = {2010},
isbn = {978-1-60558-799-8},
pages = {281--290},
location = {Raleigh, North Carolina, USA}, 
doi = {http://doi.acm.org/10.1145/1772690.1772720},
publisher = {ACM},
address = {New York, NY, USA},
}

@inproceedings{sapuntzakis_2003,
  author = {Sapuntzakis, Constantine and Lam, Monica S.},
  title = {Virtual appliances in the collective: a road to hassle-free computing},
  booktitle = {HOTOS'03: Proceedings of the 9th conference on Hot Topics in Operating Systems},
  year = {2003},
  pages = {10--10},
  location = {Lihue, Hawaii},
  publisher = {USENIX Association},
  address = {Berkeley, CA, USA},
}

@book{norman_1999,
  author = {D. A. Norman},
  edition = {1. MIT Press paperback ed},
  title = {The invisible computer : why good products can fail, the personal computer is so   complex, and information appliances are the solution},
  year = 1999,
  isbn = {0-262-14065-9},
}

@article{goldberg_survey_74,
  author = {Goldberg, R. P.},
  journal = {IEEE Computer Magazine},
  month = {June},
  pages = {34--45},
  title = {Survey of Virtual Machine Research},
  year = {1974}
}

@inproceedings{rajab_2010,
    author = {Rajab, Moheeb A. and Ballard, Lucas and Mavrommatis, Panayiotis and Provos, Niels and Zhao, Xin},
    booktitle = {Workshop on Large-Scale Exploits and Emergent Threats},
    month = {April},
    title = {The Nocebo Effect on the Web: An Analysis of Fake Anti-Virus Distribution},
    year = {2010},
}

@inproceedings{motiee_chi_2010,
author = {Motiee, Sara and Hawkey, Kirstie and Beznosov, Konstantin},
title = {Investigating user account control practices},
booktitle = {CHI EA '10: Proceedings of the 28th of the international conference extended abstracts on Human factors in computing systems},
year = {2010},
isbn = {978-1-60558-930-5},
pages = {4129--4134},
location = {Atlanta, Georgia, USA},
doi = {http://doi.acm.org/10.1145/1753846.1754114},
publisher = {ACM}, address = {New York, NY, USA},
}

@InProceedings{spamcraft_2009,
author = { Christian Kreibich and Chris Kanich and Kirill Levchenko and Brandon Enright and Geoffrey M. Voelker and Vern Paxson and Stefan Savage },
title = { Spamcraft: An Inside Look At Spam Campaign Orchestration },
booktitle = { Proceedings of the Second USENIX Workshop on Large-scale Exploits and Emergent Threats (LEET) },
year = { 2009 },
address = { Boston, USA },
month = { April }, 
}

@misc{kvm_driver_domain_2009,
key = {kvm_driver_domain_2009},
title = {{Re}: A few {KVM} security questions},
author = {Kivity, Avi and Rutkowska, Joanna},
note = {\url{http://www.spinics.net/lists/kvm/msg26100.html}},
year = {2009},
month = {December},
}

@inproceedings{isolation_paper_2007,
 author = {Matthews, Jeanna Neefe and Hu, Wenjin and Hapuarachchi, Madhujith and Deshane, Todd and Dimatos, Demetrios and Hamilton, Gary and McCabe, Michael and Owens, James},
 title = {Quantifying the performance isolation properties of virtualization systems},
 booktitle = {ExpCS '07: Proceedings of the 2007 workshop on Experimental computer science},
 year = {2007},
 isbn = {978-1-59593-751-3},
 pages = {6},
 location = {San Diego, California},
 doi = {http://doi.acm.org/10.1145/1281700.1281706},
 publisher = {ACM},
 address = {New York, NY, USA},
 }

@misc{spice_website,
howpublished = {Website},
key = {spice_website},
title = {Spice Home page},
note = {\url{http://www.spice-space.org/}},
}

@misc{stacklet_website,
howpublished = {Website},
key = {stacklet_website},
title = {Stacklet Home page},
note = {\url{http://stacklet.com/}},
}

@misc{nox_website,
howpublished = {Website},
key = {nox_website},
title = {NOX Home page},
note = {\url{http://noxrepo.org}},
}

@misc{nilfs_website,
howpublished = {Website},
key = {nilfs_website},
title = {NILFS Home page},
note = {\url{http://www.nilfs.org/}},
}

@misc{btrfs_website,
howpublished = {Website},
key = {btrfs_website},
title = {btrfs Wiki},
note = {\url{https://btrfs.wiki.kernel.org}},
}

@misc{suricata_website,
howpublished = {Website},
key = {suricata_website},
title = {Suricata Downloads,
note = {\url{http://www.openinfosecfoundation.org/index.php/download-suricata}},
}

@misc{clamav_website,
howpublished = {Website},
key = {clamav_website},
title = {ClamAV},
note = {\url{http://www.clamav.net}},
}

@misc{chromium_os_security_overview_website,
howpublished = {Website},
key = {chromium_os_security_design_website},
title = {Chromium OS Security Overview,
note = {\url{
http://sites.google.com/a/chromium.org/dev/chromium-os/chromiumos-design-docs/security-overview}},
}

@inproceedings{kim_1994,
 author = {Kim, Gene H. and Spafford, Eugene H.},
 title = {The design and implementation of tripwire: a file system integrity checker},
 booktitle = {CCS '94: Proceedings of the 2nd ACM Conference on Computer and communications security},
 year = {1994},
 isbn = {0-89791-732-4},
 pages = {18--29},
 location = {Fairfax, Virginia, United States},
 doi = {http://doi.acm.org/10.1145/191177.191183},
 publisher = {ACM},
 address = {New York, NY, USA},
 }


@misc{iptables_website,
howpublished = {Website},
key = {iptables_website},
title = {netfilter/iptables project homepage},
note = {\url{http://www.netfilter.org/}},
}

@article{paxson_1999,
 author = {Paxson, Vern},
 title = {Bro: a system for detecting network intruders in real-time},
 journal = {Comput. Netw.},
 volume = {31},
 number = {23-24},
 year = {1999},
 issn = {1389-1286},
 pages = {2435--2463},
 doi = {http://dx.doi.org/10.1016/S1389-1286(99)00112-7},
 publisher = {Elsevier North-Holland, Inc.},
 address = {New York, NY, USA},
 }

@inproceedings{roesch_1999,
 author = {Roesch, Martin},
 title = {Snort - Lightweight Intrusion Detection for Networks},
 booktitle = {LISA '99: Proceedings of the 13th USENIX conference on System administration},
 year = {1999},
 pages = {229--238},
 location = {Seattle, Washington},
 publisher = {USENIX Association},
 address = {Berkeley, CA, USA},
 }

@misc{clonezilla_website,
  howpublished = {Website},
  title = {Clonezilla},
  key = {clonezilla_website},
  note = {\url{http://www.clonezilla.org/}},
}

@inproceedings{murray_2008,
 author = {Murray, Derek Gordon and Milos, Grzegorz and Hand, Steven},
 title = {Improving Xen security through disaggregation},
 booktitle = {VEE '08: Proceedings of the fourth ACM SIGPLAN/SIGOPS international conference on Virtual execution environments},
 year = {2008},
 isbn = {978-1-59593-796-4},
 pages = {151--160},
 location = {Seattle, WA, USA},
 doi = {http://doi.acm.org/10.1145/1346256.1346278},
 publisher = {ACM},
 address = {New York, NY, USA},
 }

@misc{isolated_execution_2010,
key = {isolated_execution_2010},
title = {Isolated Execution},
author = {Aaron Tersteeg},
month = {February},
year = {2010},
note = {\url{http://software.intel.com/en-us/articles/isolated-execution/}},
}

@misc{selinux_sandboxes_walsh_2009,
key = {selinux_sandboxes_walsh_2009},
Howpublished = {Website},
title = {{SELInux} Sandbox},
author = {Daniel Walsh},
note = {\url{http:// linuxplumbersconf.org/2009/slides/dan-walsh-selinux-sandbox.pdf}},
}

@misc{selinux_sandboxes_morris_2009,
key = {selinux_sandboxes_morris_2009},
Howpublished = {Website},
title = {Secure and Simple Sandboxing in {SELinux}},
author = {James Morris},
note = {\url{http://namei.org/presentations/selinux-sandboxing-fossmy2009.pdf}},
}

@misc{openssh_trojan_2002,
howpublished={Website},
title ={CERT Advisory CA-2002-24 Trojan Horse OpenSSH Distribution},
year = {2002},
month = {August},
key = {openssh_trojan_2002},
note = {\url{http://www.cert.org/advisories/CA-2002-24.html}},
}

@misc{mac_vuln_2010,
howpublished={Website},
title ={National Vulnerability Database (NVD) National Vulnerability Database (CVE-2010-0055)},
year = {2010},
month = {March},
key = {mac_vuln_2010},
note = {\url{http://web.nvd.nist.gov/view/vuln/detail?vulnId=CVE-2010-0055}},
}

@article{slammer_2003,
 author = {Moore, David and Paxson, Vern and Savage, Stefan and Shannon, Colleen and Staniford, Stuart and Weaver, Nicholas},
 title = {Inside the Slammer Worm},
 journal = {IEEE Security and Privacy},
 volume = {1},
 number = {4},
 year = {2003},
 issn = {1540-7993},
 pages = {33--39},
 doi = {http://dx.doi.org/10.1109/MSECP.2003.1219056},
 publisher = {IEEE Educational Activities Department},
 address = {Piscataway, NJ, USA},
 }

@inproceedings{worm_taxonomy_2003,
author = {Weaver,, Nicholas and Paxson,, Vern and Staniford,, Stuart and Cunningham,, Robert},
title = {A taxonomy of computer worms},
booktitle = {WORM '03: Proc. of the 2003 ACM Workshop on Rapid Malcode},
year = {2003},
isbn = {1-58113-785-0},
pages = {11--18},
location = {Washington, DC, USA},
doi = {http://doi.acm.org/10.1145/948187.948190},
publisher = {ACM},
address = {New York, NY, USA},
}

@inproceedings{xenaccess_07,
Author = {Bryan D. Payne and Martim Carbone and Wenke Lee},
Booktitle = {Proc. of the 23rd Annual Computer Security Applications Conference ({ACSAC} 2007)},
Month = {December},
Title = {Secure and Flexible Monitoring of Virtual Machines},
Year = {2007},
}

@INPROCEEDINGS{VMI_IDS_2003,
    author = {Tal Garfinkel and Mendel Rosenblum},
    title = {A Virtual Machine Introspection Based Architecture for Intrusion Detection},
    booktitle = {In Proc. Network and Distributed Systems Security Symposium},
    year = {2003},
    pages = {191--206}
}

@INPROCEEDINGS{botnet_taxonomy_2005,
    author = {David Dagon and Guofei Gu and Cliff Zou and Julian Grizzard and Sanjeev Dwivedi and Wenke Lee and Richard Lipton},
    title = {R.: A Taxonomy of Botnets},
    booktitle = {Proc. of CAIDA DNS-OARC Workshop},
    year = {2005}
}

@article{DDoS_taxonomy_2004,
 author = {Mirkovic,, Jelena and Reiher,, Peter},
 title = {A taxonomy of DDoS attack and DDoS defense mechanisms},
 journal = {SIGCOMM Comput. Commun. Rev.},
 volume = {34},
 number = {2},
 year = {2004},
 issn = {0146-4833},
 pages = {39--53},
 doi = {http://doi.acm.org/10.1145/997150.997156},
 publisher = {ACM},
 address = {New York, NY, USA},
 }

@misc{stealth_malware_taxonomy_2006,
  author = {Joanna Rutkowska},
  title = {Introducing Stealth Malware Taxonomy},
  year = {2006},
  key = {stealth_malware_taxonomy_2006},
  note = {\url{http://invisiblethings.org/papers/malware-taxonomy.pdf}},
}

@inproceedings{spyware_2009,
author = {Stamminger, Andreas and Kruegel, Christopher and Vigna, Giovanni and Kirda, Engin},
title = {Automated Spyware Collection and Analysis},
booktitle = {ISC '09: Proceedings of the 12th International Conference on Information Security},
year = {2009},
isbn = {978-3-642-04473-1},
pages = {202--217},
location = {Pisa, Italy},
doi = {http://dx.doi.org/10.1007/978-3-642-04474-8_17},
publisher = {Springer-Verlag},
address = {Berlin, Heidelberg}, 
}

@misc{maec_website,
  howpublished = {Website},
  title = {Malware Attribute Enumerization and Characterization (MAEC)},
  key = {maec},
  note = {\url{http://maec.mitre.org/}},
}

@misc{capec_website,
  howpublished = {Website},
  title = {Common Attack Pattern Enumeration and Classification (CAPEC)},
  key = {capec},
  note = {\url{http://capec.mitre.org/}},
}

@misc{IEEE-SA_malwale_working_group_website,
  howpublished = {Website},
  title = {IEEE-SA Industry Connections Malware Working Group},
  key = {IEEE-SA},
  note = {\url{http://standards.ieee.org/prod-serv/indconn/icsgmal/index.html}},
}

@misc{vmsafe_news_2008,
  howpublished = {Website},
  title = {New VMware VMsafe \texttrademark Technology Allows the Virtual Datacenter to Be More Secure Than Physical Environments},
  key = {vmsafe_news_2008},
  year = {2008},
  month = {February},
  note = {\url{http://www.vmware.com/company/news/releases/vmsafe_vmworld.html}},
}

@inproceedings{tripwire_1994,
 author = {Kim, Gene H. and Spafford, Eugene H.},
 title = {The design and implementation of tripwire: a file system integrity checker},
 booktitle = {CCS '94: Proceedings of the 2nd ACM Conference on Computer and communications security},
 year = {1994},
 isbn = {0-89791-732-4},
 pages = {18--29},
 location = {Fairfax, Virginia, United States},
 doi = {http://doi.acm.org/10.1145/191177.191183},
 publisher = {ACM},
 address = {New York, NY, USA},
 }


@misc{qubes-os_2010,
  howpublished = {Website},
  title = {Qubes OS Architecture Version 0.3},
  year = {2010},
  month = {January},
  author = {Rutkowska, Joanna and Wojtczuk, Rafal},
  key = {qubes-os_2010},
  note = {\url{http://qubes-os.org/files/doc/arch-spec-0.3.pdf}},
}

@inproceedings{murray_2008,
 author = {Murray, Derek Gordon and Milos, Grzegorz and Hand, Steven},
 title = {Improving Xen security through disaggregation},
 booktitle = {VEE '08: Proceedings of the fourth ACM SIGPLAN/SIGOPS international conference on Virtual execution environments},
 year = {2008},
 isbn = {978-1-59593-796-4},
 pages = {151--160},
 location = {Seattle, WA, USA},
 doi = {http://doi.acm.org/10.1145/1346256.1346278},
 publisher = {ACM},
 address = {New York, NY, USA},
 }

@misc{kvm_vs_xen_at_xen_summit_2008,
author = {Deshane, Todd and Shepherd, Zach and Matthews, Jeanna N. and Ben-Yehua, Muli and Shah, Amit and Rao, Balaji},
title = {Quantitative Comparison of Xen and KVM},
key = {kvm_vs_xen_at_xen_summit_2008},
note = {Xen Summit Boston 2008},
year = {2008},
month = {June},
address = {Boston, MA, USA},
}

@misc{redhat_rhel_54_2009, 
  howpublished = {Website},
  title = {Innovation Without Disruption: Red Hat Enterprise Linux 5.4 Now Available},
  author = {RHEL5 Team},
  year = {2009},
  month = {February},
  key = {redhat_rhel_54_2009},
  note = {\url{http://press.redhat.com/2009/09/02/innovation-without-disruption-red-hat-enterprise-linux-5-4-now-available/}},
}

@misc{crosby_xen_dead_2008, 
  howpublished = {Website},
  title = {Xen is Dead! Long Live Xen!},
  author = {Simon Crosby},
  year = {2008},
  month = {July},
  key = {crosby_xen_dead_2008},
  note = {\url{http://community.citrix.com/display/ocb/2008/07/02/Xen+is+Dead!+Long+Live+Xen!}},
}

@misc{cnet_hypervisor_2010, 
  howpublished = {Website},
  title = {Hypervisors are not commodities},
  author = {Gordon Haff},
  year = {2010},
  month = {March},
  key = {cnet_hypervisor_2010},
  note = {\url{http://news.cnet.com/8301-13556_3-10462129-61.html}},
}

@misc{crosby_novell_2010, 
  howpublished = {Website},
  title = {Can a Chameleon Change its Spots?},
  author = {Simon Crosby},
  year = {2010},
  month = {February},
  key = {crosby_novell_2010},
  note = {\url{http://community.citrix.com/pages/viewpage.action?pageId=116034454}},
}

@misc{liguori_truth_2008,
  howpublished = {Website},
  title = {The truth about KVM and Xen},
  author = {Anthony Liguori},
  year = {2008},
  month = {May},
  key = {liguoritruth2008},
  note = {\url{http://blog.codemonkey.ws/2008/05/truth-about-kvm-and-xen.html}},
}

@misc{rhev_2009,
 howpublished = {Website},
  title = {Red Hat Enterprise Virtualization for Servers},
  key = {rhev_2009},
  note = {\url{http://www.redhat.com/virtualization/rhev/server/}},
}

@misc{libvirt_website,
  howpublished = {Website},
  title = {libvirt},
  key = {libvirt},
  note = {\url{http://libvirt.org/}},
}

@misc{spice_website,
  howpublished = {Website},
  title = {Spice},
  key = {Spice},
  note = {\url{http://www.spice-space.org/}},
}

@misc{vmbuilder_website,
  howpublished = {Website},
  title = {Virtual Machine Builder},
  key = {vmbuilder},
  note = {\url{https://launchpad.net/vmbuilder}},
}

@book{runningxen_book,
author = {Matthews, Jeanna and Dow, Eli M. and Deshane, Todd and Hu, Wenjin and Bongio, Jeremy and Wilbur, Patrick F. and Johnson, Brendan},
title = {Running Xen: A Hands-on Guide to the art of Virtualization},
publisher = {Prentice Hall},
year = {2008},
month = {April},
}

@phdthesis{restful_phdthesis,
author = {Roy Thomas Fielding},
title = {Architectural Styles and the Design of Network-based Software Architectures},
school = {University of California, Irvine},
year = {2000},
note = {\url{http://www.ics.uci.edu/~fielding/pubs/dissertation/rest_arch_style.htm}},
}

@misc{vmware_ovf_website,
  howpublished = {Website},
  title = {Open Virtualization Format (OVF) -Virtual Machines - Virtualization},
  key = {vmware_ovf_website},
  note = {\url{http://www.vmware.com/appliances/getting-started/learn/ovf.html}},
}

@misc{citrix_ovf_article,
  howpublished = {Website},
  title = {Overview of the Open Virtualization Format},
  key = {citrix_ovf_article},
  month = {July},
  year = {2009},
  note = {\url{http://support.citrix.com/article/CTX121652}},
}

@misc{rhev_announce_2010,
  howpublished = {Website},
  title = {Red Hat Announces Beta Availability of Red Hat Enterprise Virtualization 2.2},
  author = {Red Hat Enterprise Virtualization Team},
  key = {rhev_announce_2010},
  month = {March},
  year = {2010},
  note = {\url{http://press.redhat.com/2010/03/29/red-hat-announces-beta-availability-of-red-hat-enterprise-virtualization-2-2/}},
}

@misc{ovf_vmware_to_kvm_2010,
  howpublished = {Website},
  title = {VMware vApp (from vSphere) to KVM},
  author = {Roman Valls},
  key = {ovf_vmware_to_kvm_2010},
  month = {March},
  year = {2010},
  note = {\url{http://blogs.nopcode.org/brainstorm/2010/03/05/vmware-vapp-from-vsphere-to-kvm/}},
}

@misc{fedora_virtAppliances,
howpublished = {Website},
title = {Features/VirtAppliances},
key = {fedora_virtAppliances},
note = {\url{http://fedoraproject.org/wiki/Features/VirtAppliances}},
}

@misc{sVirt_website,
howpublished = {Website},
title = {{SVirt} {SELinux} Wiki},
key = {sVirt_website},note = {\url{http://selinuxproject.org/page/SVirt}},
}

@misc{openfiler_website,
howpublished = {Website},
title = {Openfiler - Open Source Storage Management Appliance},
key = {openfiler_website},
note = {\url{http://www.openfiler.com/}},
}

@misc{openmediavault_website,
howpublished = {Website},
title = {OpenMediaVault  The open network attached storage solution},
key = {openmediavault_website},
note = {\url{http://blog.openmediavault.org/}},
}

@misc{freenas_website,
  howpublished = {Website},
  title = {FreeNAS: The FreeNAS server},
  key = {freenas_website},
  note = {\url{http://freenas.org/}},
}

@misc{xsm_xen_summit_3rd,
  author = {George Coker},
  title = {Xen Security Modules ({XSM})},
  note = {3rd Xen Summit, IBM T.J. Watson},
  key = {xsm_xen_summit_3rd},
  year = {2007},
 month = {April}
}

@misc{xsm_xen_summit_4th,
  author = {George Coker},
  title = {Xen Security Modules ({XSM})},
  note = {4th Xen Summit, Sun Microsystems Santa Clara, CA},
  key = {xsm_xen_summit_4th},
  year = {2007},
  month = {November},
}


@misc{kensho_ovf_vmware_article,
  howpublished = {Website},
  title = {Importing Kensho OVF to ESX},
  author = {Brian Ehlert},
  key = {kensho_ovf_vmware_article},
  month = {December},
  year = {2009},
  note = {\url{http://community.citrix.com/pages/viewpage.action?pageId=109772829}},
}

@article{rosenblum_lfs_1992,
 author = {Rosenblum, Mendel and Ousterhout, John K.},
 title = {The design and implementation of a log-structured file system},
 journal = {ACM Trans. Comput. Syst.},
 volume = {10},
 number = {1},
 year = {1992},
 issn = {0734-2071},
 pages = {26--52},
 doi = {http://doi.acm.org/10.1145/146941.146943},
 publisher = {ACM},
 address = {New York, NY, USA},
 }

@inproceedings{ovs_hotnets_2009,
  title = {Extending Networking into the Virtualization Layer},
  author = {Pfaff, B and Pettit, J. and Koponen, T. and Amidon, K. and Casado, M. and Shenker, S. },
  booktitle = {Proc. of workshop on Hot Topics in Networks (HotNets-VIII)},
  year = 2009,
}

@inproceedings{casado_hotnets_2008,
  title = {Rethinking Packet Forwarding Hardware},
  author = {Casado, M. and Koponen, T. and Moon, D. and Shenker, S.},
  booktitle = {Proc. of workshop on Hot Topics in Networks (HotNets-VII)},
  year = 2008,
}

@misc{cisco_nexus_website,
  howpublished = {Website},
  title = {Cisco Nexus 1000V Series Switches},
  key = {cisco_nexus_website},
  note = {\url{http://www.cisco.com/en/US/products/ps9902}},
}

@misc{vepa_2008,
  howpublished = {Website},
  title = {Virtual Ethernet Port Aggregator Standards Body Discussion},
  key = {vepa_2008},
  year = {2008},
  month = {November},
  note = {\url{http://www.ieee802.org/1/files/public/docs2008/new-congdon-vepa-1108-v01}},
}

@misc{vntag_2008,
  howpublished = {Website},
  title = {VNTag 101},
  author = {Joe Pelissier},
  key = {vepa_2008},
  year = {2008},
  month = {May},
  note = {\url{http://www.ieee802.org/1/files/public/docs2009/new-pelissier-vntag-seminar-0508.pdf}},
}

@misc{vmware_vNetwork_Distributed_Switch_website,
  howpublished = {Website},
  title = {VMware vNetwork Distributed Switch},
  key = {vmware_vNetwork_Distributed_Switch_website},
  note = {\url{http://www.cisco.com/en/US/products/ps9902}},
}

@article{AppArmor_2006,
 author = {Bauer,, Mick},
 title = {Paranoid penguin: an introduction to Novell AppArmor},
 journal = {Linux J.},
 volume = {2006},
 number = {148},
 year = {2006},
 issn = {1075-3583},
 pages = {13},
 publisher = {Specialized Systems Consultants, Inc.},
 address = {Seattle, WA, USA},
 }

@misc{damballa_blog_2010,
howpublished = {Website},
title = {Locking Botnet Agents to Thwart Malware Analysis},
author = {Gunter Ollmann},
year = {2010},
key = {damballa_blog},
note = {\url{http://blog.damballa.com/?p=601}},
}

@misc{crosby_blog_interoperability_2010,
howpublished = {Website},
title = {Open Source does not mean Interoperable or Compatible},
author = {Simon Crosby},
year = {2010},
month = {March},
key = {crosby_blog_interoperability_2010},
note = {\url{http://community.citrix.com/display/ocb/2010/03/29/Open+Source+does+not+mean+Interoperable+or+Compatible}},
}

@misc{gigaom_blog_2010,
howpublished = {Website},
title = {For Open Cloud Computing, Look Inside Your Data Center},
author = {Derrick Harris},
year = {2010},
month = {March},
key = {gigaom_blog_2010},
note = {\url{http://gigaom.com/2010/03/28/for-open-cloud-computing-look-inside-your-data-center/}},
}

@misc{NewYork_Times_2009,
howpublished={Website},
author={Ashlee Vance},
title={Times Web Ads Show Security Breach},
year={2009},
month={September},
key = {NewYork_Times_2009},
note={\url{http://www.nytimes.com/2009/09/15/technology/internet/15adco.html}},
}


@article{creasy_1981,
author = {Creasy, R. J.},
title = {The origin of the VM/370 time-sharing system},
journal = {IBM J. Res. Dev.},
volume = {25},
number = {5},
year = {1981},
issn = {0018-8646},
pages = {483--490},
publisher = {IBM Corp.},
address = {Riverton, NJ, USA},
}

@article{popek_1974,
author = {Popek, Gerald J. and Goldberg, Robert P.},
title = {Formal requirements for virtualizable third generation architectures},
journal = {Commun. ACM},
volume = {17},
number = {7},
year = {1974},
issn = {0001-0782},
pages = {412--421},
doi = {http://doi.acm.org/10.1145/361011.361073},
publisher = {ACM},
address = {New York, NY, USA},
}

@inproceedings{bugnion_1997,
author = {Bugnion, Edouard and Devine, Scott and Rosenblum, Mendel},
title = {Disco: running commodity operating systems on scalable multiprocessors},
booktitle = {SOSP '97: Proceedings of the sixteenth ACM symposium on Operating systems principles},
year = {1997},
isbn = {0-89791-916-5},
pages = {143--156},
location = {Saint Malo, France},
doi = {http://doi.acm.org/10.1145/268998.266672},
publisher = {ACM},
address = {New York, NY, USA},
}

@article{whitaker_2002,
author = {Whitaker, Andrew and Shaw, Marianne and Gribble, Steven D.},
title = {Scale and performance in the Denali isolation kernel},
journal = {SIGOPS Oper. Syst. Rev.},
volume = {36},
number = {SI},
year = {2002},
issn = {0163-5980},
pages = {195--209},
doi = {http://doi.acm.org/10.1145/844128.844147},
publisher = {ACM},
address = {New York, NY, USA},
}

@misc{vmware_website,
howpublished = {Website},
title = {VMware},
key = {VMware},
note = {\url{http://www.vmware.com}},
}

@inproceedings{barham_2003,
author = {Barham, Paul and Dragovic, Boris and Fraser, Keir and Hand, Steven and Harris, Tim and Ho, Alex and Neugebauer, Rolf and Pratt, Ian and Warfield, Andrew},
title = {Xen and the art of virtualization},
booktitle = {SOSP '03: Proceedings of the nineteenth ACM symposium on Operating systems principles},
year = {2003},
isbn = {1-58113-757-5},
pages = {164--177},
location = {Bolton Landing, NY, USA},
doi = {http://doi.acm.org/10.1145/945445.945462},
publisher = {ACM},
address = {New York, NY, USA},
}

@inproceedings{clark_2004,
author = {Clark, Bryan and Deshane, Todd and Dow, Eli and Evanchik, Stephen and Finlayson, Matthew and Herne, Jason and Matthews, Jeanna Neefe},
title = {Xen and the art of repeated research},
booktitle = {ATEC '04: Proceedings of the annual conference on USENIX Annual Technical Conference},
year = {2004},
pages = {47--47},
location = {Boston, MA},
publisher = {USENIX Association},
address = {Berkeley, CA, USA},
}

@article{saltzer_1975,
    author = {Saltzer, J. H. and Schroeder, M. D.},
    journal = {Proceedings of the IEEE},
    month = {June},
    number = {9},
    title = {The protection of information in computer systems},
    volume = {63},
    year = {1975}
}


@article{lampson_accesscontrol_1974,
 author = {Lampson, Butler W.},
 title = {Protection},
 journal = {SIGOPS Oper. Syst. Rev.},
 volume = {8},
 number = {1},
 year = {1974},
 issn = {0163-5980},
 pages = {18--24},
 doi = {http://doi.acm.org/10.1145/775265.775268},
 publisher = {ACM},
 address = {New York, NY, USA},
 }

@MastersThesis{evanchik_thesis_2004,
author = {Stephen A. Evanchik},
title = {{Hypervisor enforced application accountability : a thesis / by Stephen A. Evanchik.}},
school = {Clarkson University},
address = {Potsdam, NY, USA},
year = {2004},
month = {July},
}

@misc{vmware_appliances_website,
  howpublished = {Website},
  title = {VMware Appliances},
  key = {VMware_appliances},
  note = {\url{http://www.vmware.com/appliances/}},
}

@misc{herrod_keynote_2006,
howpublished = {Website},
title = {Keynote Address: The Future of Virtualization Technology},
note = {The 33rd Annual International Symposium on Computer Architecture },
address = {Boston, MA, USA},
month = {June},
key = {herrod_keynote_2006},
year={2006},
}

@misc{rPath_website,
  howpublished = {Website},
  title = {RPath's rBuilder Online},
  key = {rPath},
  note={\url{http://www.rpath.org/}},
}

@misc{stacklet_website,
  howpublished = {Website},
  title = {Stacklet},
  key = {jailtime},
  note = {\url{http://stacklet.com/}},
}

@misc{virtual_appliances_website,
  howpublished = {Website},
  title = {Virtual appliances},
  key = {virtual_appliances},
  note = {\url{http://virtualappliances.net/}},
}

@misc{jumpbox_website,
  howpublished = {Website},
  title = {JumpBox},
  key = {jumpbox},
  note = {\url{http://www.jumpbox.com/}},
}

@INPROCEEDINGS{kvm_ols07,
AUTHOR = "Kivity, Avi and Kamay, Yaniv and Laor, Dor and Lublin, Uri and Liguori, Anthony",
TITLE = "{kvm: the Linux Virtual Machine Monitor}",
BOOKTITLE = "Proceedings of the 2007 Ottawa Linux Symposium (OLS 2007)",
YEAR = "2007",
MONTH = "June",
ADDRESS = "Ottawa, Canada",
PAGES = "225--230",
VOLUME = "1", 
}

@inproceedings{virtual_machine_contract_ICAC09,
author = { Matthews,, Jeanna and Garfinkel,, Tal and Hoff,, Christopher and Wheeler,, Jeff},
title = {Virtual Machine Contracts for Datacenter and Cloud Computing Environments},
year = { 2009 },
month = { June},
publisher = { ACM },
booktitle = { Proc. of the First Workshop on Automated Control for Datacenters and Clouds (ACDC'09), Barcelona, Spain }
}

@article{karger_2007,
 author = {Karger, Paul A.},
 title = {Performance and security lessons learned from virtualizing the alpha processor},
 journal = {SIGARCH Comput. Archit. News},
 volume = {35},
 number = {2},
 year = {2007},
 issn = {0163-5964},
 pages = {392--401},
 doi = {http://doi.acm.org/10.1145/1273440.1250711},
 publisher = {ACM},
 address = {New York, NY, USA},
 }

@article{armstrong_power5_2005,
 author = {Armstrong, W. J. and Arndt, R. L. and Boutcher, D. C. and Kovacs, R. G. and Larson, D. and Lucke, K. A. and Nayar, N. and Swanberg, R. C.},
 title = {Advanced virtualization capabilities of POWER5 systems},
 journal = {IBM J. Res. Dev.},
 volume = {49},
 number = {4/5},
 year = {2005},
 issn = {0018-8646},
 pages = {523--532},
 publisher = {IBM Corp.},
 address = {Riverton, NJ, USA},
 }

@book{blank_p5_2005,
 author = {Adra, Bill and Blank, Annika and Gieparda, Mariusz and Haust, Joachim and Stadler, Oliver and Szerdi, Doug},
 title = {Advanced power virtualization on ibm eserver p5 servers: introduction and basic configuration},
 year = {2004},
 isbn = {0738490814},
 publisher = {IBM Corp.},
 address = {Riverton, NJ, USA},
 }

@misc{sparc_architecture_2005,
title= {UltraSPARC Architecture 2005, Part No: 950-4895-08, Revision: Draft D0.8.8},
Year ={2005},
Month = {June},
Author = {Sun Microsystems},
Address = {Santa Clara, CA},
key = {sparc_architecture_2005},
note = {\url{http://opensparc-t1.sunsource.net/specs/UA2005-current-draft-HP-EXT.pdf}},
}

@misc{sparc_vm_2006,
title= { UltraSPARC Virtual Machine Specification (The sun4v architecture and Hypervisor API specification), Revision 1.0},
Year ={2006},
Month = {January},
Author = {Sun Microsystems},
Address = {Santa Clara, CA},
key = {sparc_vm_2006},
note = {\url{ http://opensparc-t1.sunsource.net/specs/Hypervisor-api-current-draft.pdf}},
}

@inproceedings{adams_2006,
 author = {Adams, Keith and Agesen, Ole},
 title = {A comparison of software and hardware techniques for x86 virtualization},
 booktitle = {ASPLOS-XII: Proceedings of the 12th international conference on Architectural support for programming languages and operating systems},
 year = {2006},
 isbn = {1-59593-451-0},
 pages = {2--13},
 location = {San Jose, California, USA},
 doi = {http://doi.acm.org/10.1145/1168857.1168860},
 publisher = {ACM},
 address = {New York, NY, USA},
 }
 
@misc{windows_xp_mode,
  howpublished = {Website},
  title = {Windows 7 features - Windows XP Mode - Microsoft Windows},
  key = {windows_xp_mode},
  note = {\url{http://windows.microsoft.com/en-US/windows7/products/features/windows-xp-mode}},
}

@misc{dmtf_newsletter,
howpublished={Website Newsletter - Management Matters},
author={Mike Baskey},
title={DMTF Completes OVF 1.1 Specification, Submits for ANSI/ISO Standardization},
year={2010},
month={March},
key = {dmtf_newsletter},
note={\url{http://www.dmtf.org/newsroom/newsletter/2010/03/page2}},
}

@Article {sandhu_dac_1994,
    author = {R. Sandhu and P. Samarati},
    title = {Access Control: Principles and Practice},
    journal = {IEEE Communications},
    volume = {32},
    number = {9},
    pages = {40-48},
    month = {September},
    year = {1994}
}

@article{denning_mac_1976,
 author = {Denning, Dorothy E.},
 title = {A lattice model of secure information flow},
 journal = {Commun. ACM},
 volume = {19},
 number = {5},
 year = {1976},
 issn = {0001-0782},
 pages = {236--243},
 doi = {http://doi.acm.org/10.1145/360051.360056},
 publisher = {ACM},
 address = {New York, NY, USA},
 }

@techreport{smalley_2001,
 author = {Smalley, Stephen and Vance, Chris and Salamon, Wayne},
 title = {Implementing {SELinux} as a linux security module},
 institution = {NAI Labs},
 month = {Dec},
 year={2001}, 
 note = {Revised May 2002},
 url = {http://www.nsa.gov/selinux/doc/module.pdf},
 type={Technical Report},
 number={01-043},
}

@inproceedings{loscocco_2001,
 author = {Loscocco, Peter and Smalley, Stephen},
 title = {Integrating Flexible Support for Security Policies into the Linux Operating System},
 booktitle = {Proceedings of the FREENIX Track: 2001 USENIX Annual Technical Conference},
 year = {2001},
 isbn = {1-880446-10-3},
 pages = {29--42},
 publisher = {USENIX Association},
 address = {Berkeley, CA, USA},
 }

@inproceedings{bressoud_1995,
 author = {Bressoud, T. C. and Schneider, F. B.},
 title = {Hypervisor-based fault tolerance},
 booktitle = {SOSP '95: Proceedings of the fifteenth ACM symposium on Operating systems principles},
 year = {1995},
 isbn = {0-89791-715-4},
 pages = {1--11},
 location = {Copper Mountain, Colorado, United States},
 doi = {http://doi.acm.org/10.1145/224056.224058},
 publisher = {ACM},
 address = {New York, NY, USA},
 }

 
@inproceedings{dunlap_2002,
 author = {Dunlap, George W. and King, Samuel T. and Cinar, Sukru and Basrai, Murtaza A. and Chen, Peter M.},
 title = {ReVirt: enabling intrusion analysis through virtual-machine logging and replay},
 booktitle = {OSDI '02: Proceedings of the 5th symposium on Operating systems design and implementation
},
 year = {2002},
 isbn = {978-1-4503-0111-4},
 pages = {211--224},
 location = {Boston, Massachusetts},
 doi = {http://doi.acm.org/10.1145/1060289.1060309},
 publisher = {ACM},
 address = {New York, NY, USA},
 }

%U+00E5 LATIN SMALL LETTER A WITH RING ABOVE

@mastersthesis{lindqvist_mac_2006,
  author={ Hakan Lindqvist},
  title = {Mandatory Access Control},
  school = {Umea University},
  year = {2006},
  month = {may},
  address = {Sweden},
  note = {\url{http:// www.cs.umu.se/education/examina/Rapporter/HakanLindqvist.pdf}},
}
  
@inproceedings{reed_1999,
 author = {Reed, Dickon and Pratt, Ian and Menage, Paul and Early, Stephen and Stratford, Neil},
 title = {Xenoservers: Accountable Execution of Untrusted Programs},
 booktitle = {HOTOS '99: Proceedings of the The Seventh Workshop on Hot Topics in Operating Systems},
 year = {1999},
 isbn = {0-7695-0237-7},
 pages = {136},
 publisher = {IEEE Computer Society},
 address = {Washington, DC, USA},
 }

@article{king_2003,
 author = {King, Samuel T. and Chen, Peter M.},
 title = {Backtracking intrusions},
 journal = {SIGOPS Oper. Syst. Rev.},
 volume = {37},
 number = {5},
 year = {2003},
 issn = {0163-5980},
 pages = {223--236},
 doi = {http://doi.acm.org/10.1145/1165389.945467},
 publisher = {ACM},
 address = {New York, NY, USA},
 }

@inproceedings{zhao_2005,
 author = {Zhao, Xin and Borders, Kevin and Prakash, Atul},
 title = {Towards Protecting Sensitive Files in a Compromised System},
 booktitle = {SISW '05: Proceedings of the Third IEEE International Security in Storage Workshop},
 year = {2005},
 isbn = {0-7695-2537-7},
 pages = {21--28},
 doi = {http://dx.doi.org/10.1109/SISW.2005.17},
 publisher = {IEEE Computer Society},
 address = {Washington, DC, USA},
 }

@inproceedings{asrigo_2006,
 author = {Asrigo, Kurniadi and Litty, Lionel and Lie, David},
 title = {Using VMM-based sensors to monitor honeypots},
 booktitle = {VEE '06: Proceedings of the 2nd international conference on Virtual execution environments},
 year = {2006},
 isbn = {1-59593-332-6},
 pages = {13--23},
 location = {Ottawa, Ontario, Canada},
 doi = {http://doi.acm.org/10.1145/1134760.1134765},
 publisher = {ACM},
 address = {New York, NY, USA},
 }


@inproceedings{dinaburg_2008,
 author = {Dinaburg, Artem and Royal, Paul and Sharif, Monirul and Lee, Wenke},
 title = {Ether: malware analysis via hardware virtualization extensions},
 booktitle = {CCS '08: Proceedings of the 15th ACM conference on Computer and communications security},
 year = {2008},
 isbn = {978-1-59593-810-7},
 pages = {51--62},
 location = {Alexandria, Virginia, USA},
 doi = {http://doi.acm.org/10.1145/1455770.1455779},
 publisher = {ACM},
 address = {New York, NY, USA},
 }

@inproceedings{garfinkel_2003,
 author = {Garfinkel, Tal and Pfaff, Ben and Chow, Jim and Rosenblum, Mendel and Boneh, Dan},
 title = {Terra: a virtual machine-based platform for trusted computing},
 booktitle = {SOSP '03: Proceedings of the nineteenth ACM symposium on Operating systems principles},
 year = {2003},
 isbn = {1-58113-757-5},
 pages = {193--206},
 location = {Bolton Landing, NY, USA},
 doi = {http://doi.acm.org/10.1145/945445.945464},
 publisher = {ACM},
 address = {New York, NY, USA},
 }

@inproceedings{PinUP_08,
 author = {Enck,, William and McDaniel,, Patrick and Jaeger,, Trent},
 title = {PinUP: Pinning User Files to Known Applications},
 booktitle = {ACSAC '08: Proc. of the 2008 Annual Computer Security Applications Conference},
 year = {2008},
 isbn = {978-0-7695-3447-3},
 pages = {55--64},
 doi = {http://dx.doi.org/10.1109/ACSAC.2008.41},
 publisher = {IEEE Computer Society},
 address = {Washington, DC, USA},
 }


@inproceedings{Panorama_07,
 author = {Yin,, Heng and Song,, Dawn and Egele,, Manuel and Kruegel,, Christopher and Kirda,, Engin},
 title = {Panorama: capturing system-wide information flow for malware detection and analysis},
 booktitle = {CCS '07: Proc. of the 14th ACM conference on Computer and Communications Security},
 year = {2007},
 isbn = {978-1-59593-703-2},
 pages = {116--127},
 location = {Alexandria, Virginia, USA},
 doi = {http://doi.acm.org/10.1145/1315245.1315261},
 publisher = {ACM},
 address = {New York, NY, USA},
 }


@inproceedings{VNIDA_08,
 author = {Zhang,, Xiantao and Li,, Qi and Qing,, Sihan and Zhang,, Huanguo},
 title = {VNIDA: Building an IDS Architecture Using VMM-Based Non-Intrusive Approach},
 booktitle = {WKDD '08: Proc. of the First International Workshop on Knowledge Discovery and Data Mining},
 year = {2008},
 isbn = {0-7695-3090-7},
 pages = {594--600},
 doi = {http://dx.doi.org/10.1109/WKDD.2008.135},
 publisher = {IEEE Computer Society},
 address = {Washington, DC, USA},
 }


@inproceedings{VMFence_09,
 author = {Jin,, Hai and Xiang,, Guofu and Zhao,, Feng and Zou,, Deqing and Li,, Min and Shi,, Lei},
 title = {VMFence: a customized intrusion prevention system in distributed virtual computing environment},
 booktitle = {ICUIMC '09: Proc. of the 3rd International Conference on Ubiquitous Information Management and Communication},
 year = {2009},
 isbn = {978-1-60558-405-8},
 pages = {391--399},
 location = {Suwon, Korea},
 doi = {http://doi.acm.org/10.1145/1516241.1516310},
 publisher = {ACM},
 address = {New York, NY, USA},
 }


@inproceedings{Psyco-Virt_07,
author = {{Fabrizio Baiardi, Daniele Sgandurra}},
title = {{Towards High Assurance Networks of Virtual Machines}},
booktitle = {Proc. of 3rd European Conference on Computer Network Defense ({EC2ND})},
year =    2007,
address = {Heraklion, Greece},
month =    {October}
}


@article{Protecting_host_detectors_06,
 author = {Laureano,, M. and Maziero,, C. and Jamhour,, E.},
 title = {Protecting host-based intrusion detectors through virtual machines},
 journal = {Comput. Netw.},
 volume = {51},
 number = {5},
 year = {2007},
 issn = {1389-1286},
 pages = {1275--1283},
 doi = {http://dx.doi.org/10.1016/j.comnet.2006.09.007},
 publisher = {Elsevier North-Holland, Inc.},
 address = {New York, NY, USA},
 }


@inproceedings{HyperSpector05,
 author = {Kourai,, Kenichi and Chiba,, Shigeru},
 title = {HyperSpector: virtual distributed monitoring environments for secure intrusion detection},
 booktitle = {VEE '05: Proc. of the 1st ACM/USENIX International Conference on Virtual Execution Environments},
 year = {2005},
 isbn = {1-59593-047-7},
 pages = {197--207},
 location = {Chicago, IL, USA},
 doi = {http://doi.acm.org/10.1145/1064979.1065006},
 publisher = {ACM},
 address = {New York, NY, USA},
 }

@INPROCEEDINGS{Meushaw_2000,
author = {R Meushaw and D Simard},
title = {NetTop: A Network on Your Desktop},
booktitle = {Tech Trend Notes (NSA), 9(4):3 – 11, Fall},
year = {2000}
}

@inproceedings{Quynh_2006,
 author = {Quynh, Nguyen Anh and Ando, Ruo and Takefuji, Yoshiyasu},
 title = {Centralized security policy support for virtual machine},
 booktitle = {LISA '06: Proceedings of the 20th conference on Large Installation System Administration},
 year = {2006},
 pages = {7--7},
 location = {Washington, DC},
 publisher = {USENIX Association},
 address = {Berkeley, CA, USA},
 }

@inproceedings{Begnum_2007,
 author = {Begnum, Kyrre and Disney, Matthew and Frisch, \AEleen and Mev{\aa}g, Ingard},
 title = {Decision support for virtual machine re-provisioning in production environments},
 booktitle = {LISA'07: Proceedings of the 21st conference on Large Installation System Administration Conference},
 year = {2007},
 isbn = {978-1-59327-152-7},
 pages = {1--10},
 location = {Dallas},
 publisher = {USENIX Association},
 address = {Berkeley, CA, USA},
 }

@inproceedings{ports_2008,
 author = {Ports, Dan R. K. and Garfinkel, Tal},
 title = {Towards application security on untrusted operating systems},
 booktitle = {HOTSEC'08: Proceedings of the 3rd conference on Hot topics in security},
 year = {2008},
 pages = {1--7},
 location = {San Jose, CA},
 publisher = {USENIX Association},
 address = {Berkeley, CA, USA},
 }

@misc{windows_integrity_mechanism,
howpublished = {Website},
title = {What is the Windows Integrity Mechanism?},
author = {Microsoft},
key = {windows_integrity_mechanism},
note = {\url{http://msdn.microsoft.com/en-us/library/bb625957.aspx}},
}

@misc{mandatory_integrity_control,
howpublished = {Website},
title = {Mandatory Integrity Control},
author = {Microsoft},
key = {mandatory_integrity_control},
note = {\url{http://msdn.microsoft.com/en-us/library/bb648648(VS.85).aspx}},
}

@inproceedings{provos_2003,
 author = {Provos, Niels},
 title = {Improving host security with system call policies},
 booktitle = {SSYM'03: Proceedings of the 12th conference on USENIX Security Symposium},
 year = {2003},
 pages = {18--18},
 location = {Washington, DC},
 publisher = {USENIX Association},
 address = {Berkeley, CA, USA},
 }

@misc{windows_system_restore,
howpublished = {Website},
title = {What Windows System Restore?},
author = {Microsoft},
key = {windows_system_restore},
note = {\url{http://support.microsoft.com/kb/959063}},
}

@misc{deepfreeze_website,
howpublished = {Website},
title = {Faronics, Deepfreeze},
key = {deepfreeze_website},
note = {\url{http://www.faronics.com/html/deepfreeze.asp}},
}

@misc{MSRC_XP_blue_screen_2010,
howpublished={Website},
author={MSRCTEAM},
title={Restart issues after installing MS10-015},
year={2010},
month={February},
key = {MSRC_XP_blue_screen_2010},
note={\url{http://blogs.technet.com/msrc/archive/2010/02/11/restart-issues-after-installing-ms10-015.aspx}},
}

@misc{Krebs_2010,
howpublished={Website},
author={Brian Krebs},
title={New Patches Cause BSoD for Some Windows XP Users},
year={2010},
month={February},
key = {Krebs_2010},
note={\url{http://www.krebsonsecurity.com/2010/02/new-patches-cause-bsod-for-some-windows-xp-users/}},
}


@misc{Tech_World_2005,
howpublished={Website},
author={Michael Crawford and Paul Kallender},
title={Trend Micro bug down to over-quick testing},
year={2006},
month={April},
key = {Tech_World_2005},
note={\url{http://news.techworld.com/security/3559/trend-micro-bug-down-to-over-quick-testing/}},
}

@misc{Japan_Times_2005,
howpublished={Website},
author={The Japan Times},
title={Bug in antivirus software hits LANs at JR East, some media},
year={2006},
month={April},
key = {Japan_Times_2005},
note={\url{http://news.techworld.com/security/3559/trend-micro-bug-down-to-over-quick-testing/}},
}


@misc{The_Register_2009,
howpublished={Website},
author={Dan Goodin},
title={Mozilla catches half of Firefox users running insecure Flash},
year={2009},
month={September},
key = {The_Register_2009},
note={\url{http://www.theregister.co.uk/2009/09/17/firefox_users_with_vulnerable_flash/}},
}

@misc{Microsoft_TechNet_2010,
howpublished={Website},
author={Microsoft TechNet},
title={Microsoft Security Advisory (979267) Vulnerabilities in Adobe Flash Player 6 Provided in Windows XP Could Allow Remote Code Execution},
year={2010},
month={January},
key = {Microsoft_TechNet_2010},
note={\url{http://www.microsoft.com/technet/security/advisory/979267.mspx}},
}

@misc{NewYork_Times_2005,
howpublished={Website},
author={Matt Richtel and John Markoff},
title={Corrupted PC's Find New Home in the Dumpster},
year={2005},
month={July},
key = {NewYork_Times_2005},
note={\url{http://www.nytimes.com/2005/07/17/technology/17spy.html}},
}

@misc{KOMU-TV_2010,
howpublished={Website},
author={Christine Slusser},
title={New Virus Targets Local Computers},
year={2010},
month={February},
key = {KOMU-TV_2010},
note={\url{http://www.komu.com/satellite/SatelliteRender/KOMU.com/ba8a4513-c0a8-2f11-0063-9bd94c70b769/f0e639aa-80ce-0971-00cf-087a8cd9971b
}},
}

@misc{Acronis_2009,
howpublished={Website},
author={Acronis},
title={Acronis Survey: Home Users Live Dangerously with Computer Backup Practices},
year={2009},
month={May},
key = {Acronis_2009},
note={\url{http://www.acronis.com/pr/2009/05/21-17-56.html}},
}

@article{Spafford_1989,
author = {Spafford, Eugene H.},
title = {The internet worm program: an analysis},
journal = {SIGCOMM Comput. Commun. Rev.},
volume = {19},
issue = {1},
month = {January},
year = {1989},
issn = {0146-4833},
pages = {17--57},
numpages = {41},
url = {http://doi.acm.org/10.1145/66093.66095},
doi = {http://doi.acm.org/10.1145/66093.66095},
acmid = {66095},
publisher = {ACM},
address = {New York, NY, USA},
}

@inproceedings{van_Doorn_2006,
author = {van Doorn, Leendert},
title = {Hardware virtualization trends},
booktitle = {Proceedings of the 2nd international conference on Virtual execution environments}, 
series = {VEE '06},
year = {2006},
isbn = {1-59593-332-6},
location = {Ottawa, Ontario, Canada},
pages = {45--45},
numpages = {1},
url = {http://doi.acm.org/10.1145/1134760.1134762},
doi = {http://doi.acm.org/10.1145/1134760.1134762},
acmid = {1134762}, 
publisher = {ACM},
address = {New York, NY, USA},
}


@misc{MS_SIR_2009,
howpublished={Website},
author={Boscovich et. al},
title={Microsoft Security Intelligence Report},
year={2009},
month={November},
key = {MS_SIR_2009},
note={\url{http://www.microsoft.com/downloads/details.aspx?FamilyID=037f3771-330e-4457-a52c-5b085dc0a4cd&displaylang=en}},
}

@ARTICLE{Paxson_growthtrends_1994,
author = {Vern Paxson},
title = {Growth Trends in Wide-Area TCP Connections},
journal = {IEEE Network},
year = {1994},
volume = {8},
pages = {8--17}
}


@inproceedings{leet09_malware,
title = {A View on Current Malware Behaviors},
author = {Bayer,, Ulrich and Habibi,, Imam and Balzarotti,, Davide and Kirda,, Engin and Kruegel, Christopher},
booktitle = {LEET'09: Proc. of the 2nd USENIX Workshop on Large-Scale Exploits and Emergent Threats},
publisher = {USENIX Association},
year = {2009},
}


@misc{iBotnet_09,
howpublished={Website},
title={iBotnet: Researchers find signs of zombie Macs},
author={Ryan Naraine},
year={2009},
month={April},
key = {iBotnet_09},
note={\url{http://blogs.zdnet.com/security/?p=3157}},
}

@misc{massive_botnet_09,
howpublished={Website},
title={Researchers Find Massive Botnet On Nearly 2 Million Infected Consumer, Business,
Government PCs},
author={Kelly Jackson Higgins},
year={2009},
month={April},
key = {massive_botnet_09},
note={\url{http://www.darkreading.com/security/attacks/showArticle.jhtml;jsessionid=J2N12SRZKGSNIQSNDLRSKH0CJUNN2JVN?articleID=217000166}}
}

@misc{special_ops_09,
howpublished={Website},
title={Researcher wants hacker groups hounded mercilessly},
author={Gregg Keizer},
year={2009},
month={april},
key = {special_ops_09},
note={\url{http://www.computerworld.com/action/article.do?command=viewArticleBasic&articleId=9131909}}
}

@misc{conficker_09,
howpublished={Website},
title={Conficker Postmortem: Threat Real},
author={Elinor Mills},
year={2009},
month={April},
note={\url{http://www.cbsnews.com/stories/2009/04/03/tech/cnettechnews/main4916468.shtml}},
key={Conficker},
}


@article{zombie_computers_nytimes_07,
author={John Markoff},
title={Attack of the Zombie Computers Is a Growing Threat, Experts Say},
journal={The New York Times},
year={2007},
month={January},
}

@misc{paxson_sellingviagra_2009,
author={Vern Paxson},
title = {Invited Talk How the Pursuit of Truth Led me To Selling Viagra$^{\textcircled {\scriptsize R}}$},
year={2009},
month = {August},
note = {USENIX Security Symposium Keynote},
publisher = {USENIX Association},
key = {paxson_sellingviagra_2009}
}
@inproceedings{provos_2007,
author = {Provos, Niels and McNamee, Dean and Mavrommatis, Panayiotis and Wang, Ke and Modadugu, Nagendra},
title = {The ghost in the browser analysis of web-based malware},
booktitle = {HotBots'07: Proceedings of the first conference on First Workshop on Hot Topics in Understanding Botnets},
year = {2007},
pages = {4--4},
location = {Cambridge, MA}, 
publisher = {USENIX Association},
address = {Berkeley, CA, USA}, 
}


@misc{Enterprise_IT_Planet_2009,
howpublished={Website},
title={Latest Malware Threat: Blackhat SEO},
author={Alex Goldman},
year={2009},
month={May},
key = {Enterprise_IT_Planet_2009},
note={\url{http://www.enterpriseitplanet.com/security/news/article.php/3819731}}
}


@misc{eWeek_2010,
howpublished={Website},
title={Malware SEO Model Maturing},
author={Matthew Hines},
year={2010},
month={February},
key = {eWeek_2010},
note={\url{http://securitywatch.eweek.com/seo/malware_seo_model_maturing.html}}
}


@INPROCEEDINGS{Lai_88,
author = {N Lai and T Gray},
title = {Strengthening discretionary access controls to inhibit trojan horses and computer viruses},
booktitle = {In Proceedings of the 1988 USENIX Summer Symposium},
year = {1988},
pages = {275--286},
publisher = {USENIX Assoc}
}

@inproceedings{sunshine_wolf_2009,
  author = {Sunshine, Joshua and Egelman, Serge and Almuhimedi, Hazim and Atri, Neha and Cranor, Lorrie F.},
  booktitle = {Proceedings of the 18th Usenix Security Symposium},
  address = {Montreal, QC, Canada},
  month = {August},
  title = {Crying Wolf: An Empirical Study of {SSL} Warning Effectiveness},
  year = {2009}
}

@inproceedings{rapid_recovery_paper_05,
author = {Matthews,, J. and Herne,, J. and Deshane,, T. and Jablonski,, P. and Cherian,, L. and McCabe, M.},
title = {Data Protection and Rapid Recovery From Attack With A Virtual Private File Server and Virtual Machine Appliances},
year = { 2005 },
month = { November },
address = { Phoenix, USA },
booktitle = { Proc. of IASTED International Conference on Communication, Network and Information Security (CNIS) },
}

@misc{damballa_2010,
howpublished={Website},
title={The Command Structure of the Aurora Botnet},
author={Damballa Inc.},
year={2010},
month={March},
key = {damballa_2010},
note={\url{http://www.damballa.com/research/aurora/}}
}

@misc{wired_2010,
howpublished={Website},
title={Google Hack Attack Was Ultra Sophisticated, New Details Show},
author={Kim Zetter},
year={2010},
month={January},
key = {wired_2010},
note={\url{ http://www.wired.com/threatlevel/2010/01/operation-aurora/}}
}

@article{ben-yehuda_osr_2008,
author = {Ben-Yehuda, Muli and Van Hensbergen, Eric},
title = {Open source as a foundation for systems research},
journal = {SIGOPS Oper. Syst. Rev.},
volume = {42},
number = {1},
year = {2008},
issn = {0163-5980},
pages = {2--4},
doi = {http://doi.acm.org/10.1145/1341312.1341315},
publisher = {ACM},
address = {New York, NY, USA},
}

@article{cto_roundtable_malware_defense_2010,
 author = {Creeger, Mache},
 title = {CTO Roundtable: Malware Defense},
 journal = {Queue},
 volume = {8},
 number = {2},
 year = {2010},
 issn = {1542-7730},
 pages = {40--51},
 doi = {http://doi.acm.org/10.1145/1716383.1731902},
 publisher = {ACM},
 address = {New York, NY, USA},
 }



